@article{hoffmann2000computational,
  title={Computational Fluid Dynamics {V}olume {I}},
  author={Hoffmann, Klaus A and Chiang, Steve T},
  journal={Engineering Education System, Wichita, Kan, USA},
  year={2000}
}
@book{leveque2007finite,
  title={Finite difference methods for ordinary and partial differential equations: steady-state and time-dependent problems},
  author={LeVeque, Randall J},
  year={2007},
  publisher={SIAM}
}
@misc{press1987numerical,
  title={Numerical Recipes: The Art of Scientific Computing},
  author={Press, William H and Flannery, Brian P and Teukolsky, Saul A and Vetterling, William T and Kramer, Peter B},
  edition = {2nd},
  year={1987},
  publisher={AIP}
}